% Encoding: UTF-8

@Article{Cordell1973,
  author    = {Cordell, Lindrith},
  title     = {Gravity analysis using an exponential density-depth function -- {S}an {J}acinto {G}raben, {C}alifornia},
  journal   = {Geophysics},
  year      = {1973},
  volume    = {38},
  number    = {4},
  pages     = {684--690},
  file      = {Cordell1973.pdf:variable-densities/Cordell1973.pdf:PDF},
  groups    = {Densidades Variables},
  publisher = {Society of Exploration Geophysicists},
}

@Article{Cowie1990,
  author    = {Cowie, Patience A and Karner, Garry D},
  title     = {Gravity effect of sediment compaction: examples from the {N}orth {S}ea and the {R}hine {G}raben},
  journal   = {Earth and Planetary Science Letters},
  year      = {1990},
  volume    = {99},
  number    = {1},
  pages     = {141--153},
  file      = {Cowie1990.pdf:variable-densities/Cowie1990.pdf:PDF},
  groups    = {Densidades Variables},
  publisher = {Elsevier},
}

@Article{Grombein2013,
  author    = {Grombein, Thomas and Seitz, Kurt and Heck, Bernhard},
  title     = {Optimized formulas for the gravitational field of a tesseroid},
  journal   = {Journal of Geodesy},
  year      = {2013},
  volume    = {87},
  number    = {7},
  pages     = {645--660},
  file      = {Grombein2013.pdf:inversions/Grombein2013.pdf:PDF},
  groups    = {Tesseroids - Formulacion},
  publisher = {Springer},
}

@Book{Hildebrand1987,
  title     = {Introduction to numerical analysis},
  publisher = {Courier Corporation},
  year      = {1987},
  author    = {Hildebrand, Francis Begnaud},
  file      = {Hildebrand1987-IntroductionToNumericalAnalysis.pdf:inversions/Hildebrand1987-IntroductionToNumericalAnalysis.pdf:PDF},
  groups    = {Tesseroids - Formulacion},
}

@Article{LaFehr1991,
  author    = {LaFehr, TR},
  title     = {An exact solution for the gravity curvature ({B}ullard {B}) correction},
  journal   = {Geophysics},
  year      = {1991},
  volume    = {56},
  number    = {8},
  pages     = {1179--1184},
  file      = {LaFehr1991b.pdf:inversions/LaFehr1991b.pdf:PDF},
  publisher = {Society of Exploration Geophysicists},
}

@Article{Welford2010,
  author    = {Welford, J Kim and Shannon, Patrick M and O'Reilly, Brian M and Hall, Jeremy},
  title     = {Lithospheric density variations and {M}oho structure of the {I}rish {A}tlantic continental margin from constrained 3-{D} gravity inversion},
  journal   = {Geophysical Journal International},
  year      = {2010},
  volume    = {183},
  number    = {1},
  pages     = {79--95},
  file      = {Welford2010.pdf:variable-densities/Welford2010.pdf:PDF},
  groups    = {Densidades Variables},
  publisher = {Blackwell Publishing Ltd Oxford, UK},
}

@Misc{Uieda2015,
  author       = {{Uieda}, Leonardo},
  title        = {A tesserioid (spherical prism) in a geocentric coordinate system with a local-{{North}}-oriented coordinate system},
  howpublished = {figshare, available from: http://dx.doi.org/10.6084/m9.figshare.1495525},
  year         = {2015},
  note         = {Accessed 17 July 2017},
  doi          = {10.6084/m9.figshare.1495525},
  timestamp    = {2016-03-01T20:04:20Z},
  url          = {http://dx.doi.org/10.6084/m9.figshare.1495525},
  urldate      = {2017-07-17},
}

@Article{Uieda2016,
  author    = {Uieda, Leonardo and Barbosa, Val{\'e}ria CF and Braitenberg, Carla},
  title     = {Tesseroids: {F}orward-modeling gravitational fields in spherical coordinates},
  journal   = {Geophysics},
  year      = {2016},
  volume    = {81},
  number    = {5},
  pages     = {F41--F48},
  doi       = {10.1190/geo2015-0204.1},
  file      = {Uieda2016.pdf:inversions/Uieda2016.pdf:PDF},
  groups    = {Tesseroids - Formulaci\'on},
  publisher = {Society of Exploration Geophysicists},
}

@Article{Uieda2017,
  author  = {Uieda, Leonardo and Barbosa, Val{\'e}ria CF},
  title   = {Fast nonlinear gravity inversion in spherical coordinates with application to the {S}outh {A}merican {M}oho},
  journal = {Geophys J Int},
  year    = {2017},
  volume  = {208},
  number  = {1},
  pages   = {162--176},
  doi     = {10.1093/gji/ggw390},
  file    = {Uieda2017.pdf:inversions/Uieda2017.pdf:PDF},
}

@Article{Ku1977,
  author        = {Ku, Chao C},
  title         = {A direct computation of gravity and magnetic anomalies caused by 2-and 3-dimensional bodies of arbitrary shape and arbitrary magnetic polarization by equivalent-point method and a simplified cubic spline},
  journal       = {Geophysics},
  year          = {1977},
  volume        = {42},
  number        = {3},
  pages         = {610--622},
  __markedentry = {[santi:6]},
  groups        = {Tesseroids - Formulacion},
  publisher     = {Society of Exploration Geophysicists},
}

@InProceedings{Uieda2013,
  author    = {Uieda, Leonardo and Oliveira Jr, Vanderlei C. and Barbosa, Val\'eria C. F.},
  title     = {Modeling the {E}arth with {F}atiando a {T}erra},
  booktitle = {Proceedings of the 12th Python in Science Conference},
  year      = {2013},
  editor    = {St\'efan van der Walt and Jarrod Millman and Katy Huff},
  pages     = {96--103},
  groups    = {Tesseroids - Formulacion},
}

@Article{Li2011,
  author    = {Li, Zhiwei and Hao, Tianyao and Xu, Ya and Xu, Yi},
  title     = {An efficient and adaptive approach for modeling gravity effects in spherical coordinates},
  journal   = {Journal of Applied Geophysics},
  year      = {2011},
  volume    = {73},
  number    = {3},
  pages     = {221--231},
  groups    = {Densidades Variables},
  publisher = {Elsevier},
}

@Article{Zhang2001,
  author        = {Zhang, Jianzhong and Zhong, Benshan and Zhou, Xixiang and Dai, Yun},
  title         = {Gravity anomalies of 2{D} bodies with variable density contrast},
  journal       = {Geophysics},
  year          = {2001},
  volume        = {66},
  number        = {3},
  pages         = {809--813},
  __markedentry = {[santi:]},
  file          = {Zhang2001.pdf:variable-densities/Zhang2001.pdf:PDF},
  groups        = {Densidades Variables},
  publisher     = {Society of Exploration Geophysicists},
}

@Article{Mikuska2006,
  author    = {Miku{\v{s}}ka, J{\'a}n and Pa{\v{s}}teka, Roman and Maru{\v{s}}iak, Ivan},
  title     = {Estimation of distant relief effect in gravimetry},
  journal   = {Geophysics},
  year      = {2006},
  volume    = {71},
  number    = {6},
  pages     = {J59--J69},
  file      = {Mikuska2006.pdf:inversions/Mikuska2006.pdf:PDF},
  publisher = {Society of Exploration Geophysicists},
}

@Article{Rao1993,
  author    = {Rao, C Visweswara and Chakravarthi, V and Raju, ML},
  title     = {Parabolic density function in sedimentary basin modelling},
  journal   = {pure and applied geophysics},
  year      = {1993},
  volume    = {140},
  number    = {3},
  pages     = {493--501},
  file      = {Rao1993.pdf:variable-densities/Rao1993.pdf:PDF},
  groups    = {Densidades Variables},
  publisher = {Springer},
}

@Article{Rao1994,
  author    = {Rao, C Visweswara and Chakravarthi, V and Raju, ML},
  title     = {Forward modeling: {G}ravity anomalies of two-dimensional bodies of arbitrary shape with hyperbolic and parabolic density functions},
  journal   = {Computers \& Geosciences},
  year      = {1994},
  volume    = {20},
  number    = {5},
  pages     = {873--880},
  file      = {Rao1994.pdf:variable-densities/Rao1994.pdf:PDF},
  groups    = {Densidades Variables},
  publisher = {Elsevier},
}

@Manual{sagemath,
  title  = {{S}ageMath, the {S}age {M}athematics {S}oftware {S}ystem ({V}ersion 7.6)},
  author = {The Sage Developers},
  year   = {2017},
  note   = {{\tt http://www.sagemath.org}},
  doi    = {http://dx.doi.org/10.5281/zenodo.820864},
  key    = {SageMath},
}

@Article{Athy1930,
  author    = {Athy, Lawrence Ferdinand},
  title     = {Density, porosity, and compaction of sedimentary rocks},
  journal   = {AAPG Bulletin},
  year      = {1930},
  volume    = {14},
  number    = {1},
  pages     = {1--24},
  groups    = {Densidades Variables},
  publisher = {American Association of Petroleum Geologists},
}

@Article{Maxant1980,
  author    = {Maxant, J},
  title     = {Variation of density with rock type, depth, and formation in the {W}estern {C}anada {B}asin from density logs},
  journal   = {Geophysics},
  year      = {1980},
  volume    = {45},
  number    = {6},
  pages     = {1061--1076},
  file      = {Maxant1980.pdf:variable-densities/Maxant1980.pdf:PDF},
  groups    = {Densidades Variables},
  publisher = {Society of Exploration Geophysicists},
}

@Article{Rao1986,
  author    = {Rao, D Bhaskara},
  title     = {Modelling of sedimentary basins from gravity anomalies with variable density contrast},
  journal   = {Geophysical Journal International},
  year      = {1986},
  volume    = {84},
  number    = {1},
  pages     = {207--212},
  file      = {Rao1986.pdf:variable-densities/Rao1986.pdf:PDF},
  groups    = {Densidades Variables},
  publisher = {Blackwell Publishing Ltd Oxford, UK},
}

@Article{Heck2007,
  author    = {Heck, B and Seitz, K},
  title     = {A comparison of the tesseroid, prism and point-mass approaches for mass reductions in gravity field modelling},
  journal   = {Journal of Geodesy},
  year      = {2007},
  volume    = {81},
  number    = {2},
  pages     = {121--136},
  file      = {Heck2007.pdf:inversions/Heck2007.pdf:PDF},
  groups    = {Tesseroids - Formulacion},
  publisher = {Springer},
}

@Article{Asgharzadeh2007,
  author    = {Asgharzadeh, MF and Von Frese, RRB and Kim, HR and Leftwich, TE and Kim, JW},
  title     = {Spherical prism gravity effects by {G}auss-{L}egendre quadrature integration},
  journal   = {Geophysical Journal International},
  year      = {2007},
  volume    = {169},
  number    = {1},
  pages     = {1--11},
  file      = {Asgharzadeh2007.pdf:inversions/Asgharzadeh2007.pdf:PDF},
  groups    = {Tesseroids - Formulacion},
  publisher = {Oxford University Press},
}

@Comment{jabref-meta: databaseType:bibtex;}
